<?xml version="1.0" encoding="UTF-8"?><collection xmlns="http://www.loc.gov/MARC21/slim"><record><leader>00453nam--2200145-i-4500</leader><controlfield tag="001">000006185</controlfield><controlfield tag="002">20161230</controlfield><controlfield tag="005">20161230201026</controlfield><controlfield tag="008">060222s1000------------r-----000-0-eng-d</controlfield><datafield ind1=" " ind2=" " tag="080"><subfield code="a">543</subfield></datafield><datafield ind1=" " ind2=" " tag="100"><subfield code="a">Adamski, Tadeusz</subfield></datafield><datafield ind1=" " ind2=" " tag="245"><subfield code="a">Properties of sediments of sparingly soluble compounds obtained by a very slow precipita- tion technique</subfield></datafield><datafield ind1=" " ind2=" " tag="260"><subfield code="a">Warsaw,, Institute Of Nuclear Research, 1962 11 P. + 6 P.Figuri Foto</subfield></datafield><datafield ind1=" " ind2=" " tag="490"><subfield code="a">362/Iv</subfield></datafield><datafield ind1=" " ind2=" " tag="852"><subfield code="a">13780</subfield></datafield></record></collection>